<record><leader>00000cas a22000007a 4500</leader><controlfield tag="001">35231279</controlfield><controlfield tag="008">960813d19281971okuwr n       0    0eng d</controlfield><datafield ind1=" " ind2=" " tag="010"><subfield code="a">sn 96093885 </subfield></datafield><datafield ind1=" " ind2=" " tag="040"><subfield code="a">OBN</subfield><subfield code="b">eng</subfield><subfield code="c">OBN</subfield><subfield code="d">OCL</subfield><subfield code="d">OCLCQ</subfield><subfield code="d">OCLCF</subfield><subfield code="d">OCLCO</subfield></datafield><datafield ind1="1" ind2=" " tag="029"><subfield code="a">AU@</subfield><subfield code="b">000012746228</subfield></datafield><datafield ind1=" " ind2=" " tag="042"><subfield code="a">msc</subfield></datafield><datafield ind1=" " ind2=" " tag="043"><subfield code="a">n-us-ok</subfield></datafield><datafield ind1="0" ind2=" " tag="130"><subfield code="a">Aline chronoscope (Aline, Okla. : 1928)</subfield></datafield><datafield ind1="1" ind2="0" tag="245"><subfield code="a">Aline chronoscope.</subfield></datafield><datafield ind1=" " ind2=" " tag="260"><subfield code="a">Aline, Alfalfa County, Okla. :</subfield><subfield code="b">C.R. Gorton</subfield></datafield><datafield ind1=" " ind2=" " tag="300"><subfield code="a">v.</subfield></datafield><datafield ind1=" " ind2=" " tag="310"><subfield code="a">Weekly</subfield></datafield><datafield ind1="0" ind2=" " tag="362"><subfield code="a">Vol. 3, no. 30 (Apr. 6, 1928)-v. 70, no. 16 (Oct. 28, 1971).</subfield></datafield><datafield ind1=" " ind2=" " tag="515"><subfield code="a">Merged with: Carmen headlight (Carmen, Okla.), and: Helena star, and Goltry-Meno news, to become: Alfalfa County news (Carmen, Okla. : 1971).</subfield></datafield><datafield ind1=" " ind2="0" tag="651"><subfield code="a">Aline (Okla.)</subfield><subfield code="v">Newspapers.</subfield></datafield><datafield ind1=" " ind2="0" tag="651"><subfield code="a">Alfalfa County (Okla.)</subfield><subfield code="v">Newspapers.</subfield></datafield><datafield ind1=" " ind2="7" tag="655"><subfield code="a">Newspapers.</subfield><subfield code="2">fast</subfield><subfield code="0">(OCoLC)fst01423814</subfield></datafield><datafield ind1=" " ind2="7" tag="651"><subfield code="a">Oklahoma</subfield><subfield code="z">Alfalfa County.</subfield><subfield code="2">fast</subfield><subfield code="0">(OCoLC)fst01219310</subfield></datafield><datafield ind1=" " ind2="7" tag="651"><subfield code="a">Oklahoma</subfield><subfield code="z">Aline.</subfield><subfield code="2">fast</subfield><subfield code="0">(OCoLC)fst01870178</subfield></datafield><datafield ind1=" " ind2=" " tag="752"><subfield code="a">United States</subfield><subfield code="b">Oklahoma</subfield><subfield code="c">Alfalfa</subfield><subfield code="d">Aline.</subfield></datafield><datafield ind1="0" ind2="0" tag="780"><subfield code="t">Aline review</subfield><subfield code="w">(DLC)sn 96093884</subfield><subfield code="w">(OCoLC)35231213</subfield></datafield><datafield ind1="0" ind2="7" tag="785"><subfield code="t">Carmen headlight (Carmen, Okla.)</subfield><subfield code="w">(DLC)sn 96093883</subfield><subfield code="w">(OCoLC)35231153</subfield></datafield><datafield ind1="0" ind2="7" tag="785"><subfield code="t">Helena star</subfield><subfield code="w">(DLC)sn 96093886</subfield><subfield code="w">(OCoLC)35231363</subfield></datafield><datafield ind1="0" ind2="7" tag="785"><subfield code="t">Goltry-Meno news</subfield><subfield code="w">(DLC)sn 96093887</subfield><subfield code="w">(OCoLC)35231502</subfield></datafield><datafield ind1="0" ind2="7" tag="785"><subfield code="t">Alfalfa County news (Carmen, Okla. : 1971)</subfield><subfield code="w">(DLC)sn 96093888</subfield><subfield code="w">(OCoLC)35231561</subfield></datafield></record>